%% This BibTeX bibliography file was created using BibDesk.
%% http://bibdesk.sourceforge.net/

%% Created for Jan Wiegmann at 2015-11-30 11:52:00 +0100 


%% Saved with string encoding Unicode (UTF-8) 



@misc{Eyegaze,
	Date-Added = {2015-11-30 10:33:42 +0000},
	Date-Modified = {2015-11-30 10:51:21 +0000},
	Lastchecked = {20.11.2015},
	Url = {http://www.eyegaze.com/instrument-specifications/}}

@misc{Frommann2005,
	Author = {Uwe Frommann},
	Date-Added = {2015-11-30 10:19:38 +0000},
	Date-Modified = {2015-11-30 10:20:32 +0000},
	Lastchecked = {20.11.2015},
	Month = {08},
	Title = {Die Methode "Lautes Denken"},
	Url = {https://www.e-teaching.org/didaktik/qualitaet/usability/Lautes%20Denken_e-teaching_org.pdf},
	Year = {2005}}

@misc{Kinser2011,
	Author = {Pete Kinser},
	Date-Added = {2015-11-30 09:20:59 +0000},
	Date-Modified = {2015-11-30 10:52:00 +0000},
	Lastchecked = {20.11.2015},
	Month = {04},
	Title = {Illustrated: Don Norman's Action Cycle},
	Url = {http://petekinser.com/norman-action-cycle/},
	Year = {2011}}

@misc{Henrici2010,
	Author = {Matthias Henrici},
	Date-Added = {2015-11-27 07:53:59 +0000},
	Date-Modified = {2015-11-27 07:55:09 +0000},
	Lastchecked = {20.11.2015},
	Month = {04},
	Title = {EyeTracking - Analyseverfahren zur Usability- und Konversationsoptimierung},
	Url = {http://www.konversionskraft.de/hintergrunde/eyetracking-analyseverfahren-zur-usability-und-konversionsoptimierung.html},
	Year = {2010},
	Bdsk-Url-1 = {http://www.konversionskraft.de/hintergrunde/eyetracking-analyseverfahren-zur-usability-und-konversionsoptimierung.html}}

@url{Moon2013,
	Author = {Garrett Moon},
	Date-Added = {2015-11-26 14:36:07 +0000},
	Date-Modified = {2015-11-26 14:37:18 +0000},
	Lastchecked = {20.11.2015},
	Month = {06},
	Title = {Your Responsive Website Design Isn't Mobile Enough},
	Url = {http://todaymade.com/blog/responsive-content-management/},
	Year = {2013},
	Bdsk-Url-1 = {http://todaymade.com/blog/responsive-content-management/}}

@url{Hommel2013,
	Author = {Scott Hommel},
	Date-Added = {2015-11-25 08:07:56 +0000},
	Date-Modified = {2015-11-25 08:09:17 +0000},
	Lastchecked = {20.11.2015},
	Month = {09},
	Title = {Working with JavaFX Scene Graph},
	Url = {http://docs.oracle.com/javafx/2/scenegraph/jfxpub-scenegraph.htm},
	Year = {2013},
	Bdsk-Url-1 = {http://docs.oracle.com/javafx/2/scenegraph/jfxpub-scenegraph.htm}}

@misc{Jakob2015,
	Author = {Marco Jakob},
	Date-Added = {2015-11-24 15:03:38 +0000},
	Date-Modified = {2015-11-24 15:05:42 +0000},
	Lastchecked = {20.11.2015},
	Month = {03},
	Title = {JavaFX 8 Tutorial - Part 1: Scene Builder},
	Url = {http://code.makery.ch/library/javafx-8-tutorial/part1/},
	Year = {2015},
	Bdsk-Url-1 = {http://code.makery.ch/library/javafx-8-tutorial/part1/}}

@misc{Nielsen2000,
	Author = {Jakob Nielsen},
	Date-Added = {2015-11-20 07:51:15 +0000},
	Date-Modified = {2015-11-20 07:52:43 +0000},
	Lastchecked = {20.11.2015},
	Month = {03},
	Title = {Why You Only Need to Test with 5 Users},
	Url = {http://www.nngroup.com/articles/why-you-only-need-to-test-with-5-users/},
	Year = {2000},
	Bdsk-Url-1 = {http://www.nngroup.com/articles/why-you-only-need-to-test-with-5-users/}}

@misc{WikiGestaltgesetze,
	Date-Added = {2015-11-12 12:11:56 +0000},
	Date-Modified = {2015-11-12 12:13:34 +0000},
	Lastchecked = {20.11.2015},
	Month = {08},
	Title = {Gestaltgesetze},
	Url = {https://de.wikipedia.org/wiki/Gestaltpsychologie},
	Year = {2015},
	Bdsk-Url-1 = {https://de.wikipedia.org/wiki/Gestaltpsychologie}}

@url{UsabilityFirstGlossary,
	Date-Added = {2015-11-11 13:47:29 +0000},
	Date-Modified = {2015-11-11 13:48:56 +0000},
	Lastchecked = {20.11.2015},
	Title = {Glossary - Usability First},
	Url = {http://www.usabilityfirst.com/glossary/},
	Bdsk-Url-1 = {http://www.usabilityfirst.com/glossary/}}

@misc{Nielsen2012,
	Author = {Jakob Nielsen},
	Date-Added = {2015-11-11 10:05:36 +0000},
	Date-Modified = {2015-11-11 10:15:45 +0000},
	Lastchecked = {20.11.2015},
	Month = {01},
	Title = {Usability 101: Introduction to Usability},
	Url = {http://www.nngroup.com/articles/usability-101-introduction-to-usability/},
	Year = {2012},
	Bdsk-Url-1 = {http://www.nngroup.com/articles/usability-101-introduction-to-usability/}}

@misc{JMueller2015,
	Author = {Johannes M{\"u}ller},
	Date-Added = {2015-11-10 09:20:41 +0000},
	Date-Modified = {2015-11-11 10:52:11 +0000},
	Lastchecked = {20.11.2015},
	Month = {04},
	Title = {Feine Unterschiede: User Experience vs. Usability},
	Url = {https://www.nutzerbrille.de/blog/user-experience-vs-usability/},
	Year = {2015},
	Bdsk-Url-1 = {https://www.nutzerbrille.de/blog/user-experience-vs-usability/}}

@misc{Bedford2015,
	Author = {Aurora Bedford and Raluca Budiu and Kara Pernice and Amy Schade},
	Date-Added = {2015-11-09 12:39:34 +0000},
	Date-Modified = {2015-11-09 12:41:15 +0000},
	Lastchecked = {20.11.2015},
	Month = {06},
	Title = {4 iOS Rules to Break},
	Url = {http://www.nngroup.com/articles/4-ios-rules-break/},
	Year = {2015},
	Bdsk-Url-1 = {http://www.nngroup.com/articles/4-ios-rules-break/}}

@misc{Cummings2008,
	Author = {Michael Cummings},
	Date-Added = {2015-11-09 11:13:34 +0000},
	Date-Modified = {2015-11-09 14:48:22 +0000},
	Lastchecked = {20.11.2015},
	Month = {06},
	Title = {Top Seven Definitions of User Experience / UX Design},
	Url = {http://uxdesign.com/about-user-experience-design/article/top-ten-seven-definitions-of-ux-design/24},
	Year = {2008},
	Bdsk-Url-1 = {http://uxdesign.com/about-user-experience-design/article/top-ten-seven-definitions-of-ux-design/24}}

@electronic{Thielsch2015,
	Author = {Marc Hassenzahl and Kai Eckholdt and Meinald T. Thielsch},
	Date-Added = {2015-11-09 10:29:55 +0000},
	Date-Modified = {2015-11-12 10:06:44 +0000},
	Keywords = {User Experience, Erleben, Experience Design},
	Title = {User Experience und Experience Design - Konzepte und Herausforderungen},
	Url = {http://www.thielsch.org/download/Hassenzahl_UP09.pdf},
	Urldate = {20.11.2015},
	Year = {2009},
	Bdsk-Url-1 = {http://www.thielsch.org/download/Hassenzahl_UP09.pdf}}

@misc{Gube2010,
	Author = {Gube, Jacob},
	Date-Added = {2015-11-09 10:06:34 +0000},
	Date-Modified = {2015-11-09 10:12:32 +0000},
	Lastchecked = {20.11.2015},
	Month = {10},
	Title = {What is User Experience Design? Overview, Tools and Resources},
	Url = {http://www.smashingmagazine.com/2010/10/what-is-user-experience-design-overview-tools-and-resources/},
	Year = {2010},
	Bdsk-Url-1 = {http://www.smashingmagazine.com/2010/10/what-is-user-experience-design-overview-tools-and-resources/}}

@misc{Oxford,
	Date-Added = {2015-10-06 13:46:00 +0000},
	Date-Modified = {2015-11-27 07:59:23 +0000},
	Lastchecked = {01.10.2015},
	Title = {UML, Abstract Classes and Methods, and Interfaces},
	Url = {http://www.oxfordmathcenter.com/drupal7/node/35},
	Bdsk-Url-1 = {http://www.oxfordmathcenter.com/drupal7/node/35}}

@misc{Wirth,
	Author = {Thomas Wirth},
	Date-Added = {2015-10-06 13:37:14 +0000},
	Date-Modified = {2015-10-06 13:43:53 +0000},
	Lastchecked = {06.10.2015},
	Title = {Die Gesetze der N{\"a}he und {\"A}hnlichkeit},
	Url = {http://www.kommdesign.de/texte/gestaltpsychologie1.htm},
	Bdsk-Url-1 = {http://www.kommdesign.de/texte/gestaltpsychologie1.htm}}

@misc{Grigo,
	Author = {Anja Grigo},
	Date-Added = {2015-10-06 13:30:24 +0000},
	Date-Modified = {2015-10-06 13:32:12 +0000},
	Lastchecked = {06.10.2015},
	Title = {Wahrnehmungsgesetze},
	Url = {http://www.orange-sinne.de/wahrnehmungsgesetze.html},
	Bdsk-Url-1 = {http://www.orange-sinne.de/wahrnehmungsgesetze.html}}

@misc{Schossmann,
	Author = {Oliver Schossmann},
	Date-Added = {2015-10-06 13:28:52 +0000},
	Date-Modified = {2015-10-06 13:30:54 +0000},
	Lastchecked = {06.10.2015},
	Title = {Gestalt-Erkennungs-Gesetze},
	Url = {http://www.netface.de/die-gestalt/gestalt-erkennungs-gesetze.html},
	Bdsk-Url-1 = {http://www.netface.de/die-gestalt/gestalt-erkennungs-gesetze.html}}

@misc{Mueller2015,
	Author = {Bj{\"o}rn M{\"u}ller},
	Date-Added = {2015-10-06 13:18:59 +0000},
	Date-Modified = {2015-10-06 13:24:03 +0000},
	Lastchecked = {06.10.2015},
	Month = {01},
	Title = {JavaFX im Einsatz},
	Url = {http://www.informatik-aktuell.de/entwicklung/programmiersprachen/javafx-der-nachfolger-von-java-swing-im-einsatz.html},
	Year = {2015},
	Bdsk-Url-1 = {http://www.informatik-aktuell.de/entwicklung/programmiersprachen/javafx-der-nachfolger-von-java-swing-im-einsatz.html}}

@misc{OracleBindings,
	Author = {Scott Hommel},
	Date-Added = {2015-10-06 13:08:05 +0000},
	Date-Modified = {2015-10-06 13:27:53 +0000},
	Lastchecked = {01.10.2015},
	Month = {06},
	Title = {Using JavaFX Properties and Binding},
	Url = {https://docs.oracle.com/javafx/2/binding/jfxpub-binding.htm},
	Year = {2013},
	Bdsk-Url-1 = {https://docs.oracle.com/javafx/2/binding/jfxpub-binding.htm}}

@misc{OracleLambda,
	Date-Added = {2015-10-06 13:05:46 +0000},
	Date-Modified = {2015-10-06 13:28:32 +0000},
	Lastchecked = {06.10.2015},
	Title = {Lambda Expressions},
	Url = {https://docs.oracle.com/javase/tutorial/java/javaOO/lambdaexpressions.html},
	Bdsk-Url-1 = {https://docs.oracle.com/javase/tutorial/java/javaOO/lambdaexpressions.html}}

@misc{Urma2014,
	Author = {Raoul-Gabriel Urma},
	Date-Added = {2015-10-06 13:03:46 +0000},
	Date-Modified = {2015-10-06 13:26:16 +0000},
	Lastchecked = {06.10.2015},
	Month = {03},
	Title = {Processing Data with JavaSE 8 Streams, Pt. 1},
	Url = {http://www.oracle.com/technetwork/articles/java/ma14-java-se-8-streams-2177646.html},
	Year = {2014},
	Bdsk-Url-1 = {http://www.oracle.com/technetwork/articles/java/ma14-java-se-8-streams-2177646.html}}

@book{Freeman2006,
	Author = {Eric Freeman and Elisabeth Freeman and Kathy Sierra and Bert Bates},
	Date-Added = {2015-10-06 13:00:30 +0000},
	Date-Modified = {2015-10-06 13:02:50 +0000},
	Publisher = {O'Reilly Germany},
	Title = {Entwurfsmuster von Kopf bis Fu{\ss}},
	Year = {2006}}

@misc{DIN2006,
	Date-Added = {2015-10-06 12:54:32 +0000},
	Date-Modified = {2015-10-06 13:00:22 +0000},
	Title = {DIN EN ISO 9241: Ergonomie der Mensch-System-Interaktion - Teil 110: Grunds{\"a}tze der Dialoggestaltung}}

@book{Moser2012,
	Author = {Christian Moser},
	Date-Added = {2015-10-06 12:53:21 +0000},
	Date-Modified = {2015-10-06 14:07:16 +0000},
	Publisher = {Springer-Verlag},
	Title = {User Experience Design: Mit erlebniszentrierter Softwareentwicklung zu Produkten, die begeistern},
	Year = {2012}}

@book{Ullenboom2014,
	Author = {Christian Ullenboom},
	Date-Added = {2015-10-06 12:48:02 +0000},
	Date-Modified = {2015-10-06 12:52:26 +0000},
	Publisher = {Rheinwerk Verlag GmbH},
	Read = {0},
	Title = {Java SE 8 Standard-Bibliothek: Das Handbuch f{\"u}r Entwickler},
	Year = {2014}}
